------------------
--- Benchmarks
------------------

@article{dlr-hysu,
  title={DLR HySUâ€”A benchmark dataset for spectral unmixing},
  author={Cerra, Daniele and Pato, Miguel and Alonso, Kevin and K{\"o}hler, Claas and Schneider, Mathias and de los Reyes, Raquel and Carmona, Emiliano and Richter, Rudolf and Kurz, Franz and Reinartz, Peter and others},
  journal={Remote Sensing},
  volume={13},
  number={13},
  pages={2559},
  year={2021},
  publisher={MDPI}
}